
@inproceedings{ma2018attend,
  title={Attend and interact: Higher-order object interactions for video understanding},
  author={Ma, Chih-Yao and Kadav, Asim and Melvin, Iain and Kira, Zsolt and AlRegib, Ghassan and Peter Graf, Hans},
  booktitle={Proceedings of the IEEE Conference on Computer Vision and Pattern Recognition},
  pages={6790--6800},
  year={2018}
}
@article{dong2016word2visualvec,
  title={Word2visualvec: Image and video to sentence matching by visual feature prediction},
  author={Dong, Jianfeng and Li, Xirong and Snoek, Cees GM},
  journal={arXiv preprint arXiv:1604.06838},
  year={2016}
}
@inproceedings{mithun2018learning,
  title={Learning joint embedding with multimodal cues for cross-modal video-text retrieval},
  author={Mithun, Niluthpol Chowdhury and Li, Juncheng and Metze, Florian and Roy-Chowdhury, Amit K},
  booktitle={Proceedings of the 2018 ACM on International Conference on Multimedia Retrieval},
  pages={19--27},
  year={2018},
  organization={ACM}
}
@inproceedings{otani2016learning,
  title={Learning joint representations of videos and sentences with web image search},
  author={Otani, Mayu and Nakashima, Yuta and Rahtu, Esa and Heikkil{\"a}, Janne and Yokoya, Naokazu},
  booktitle={European Conference on Computer Vision},
  pages={651--667},
  year={2016},
  organization={Springer}
}
@inproceedings{feichtenhofer2016convolutional,
  title={Convolutional two-stream network fusion for video action recognition},
  author={Feichtenhofer, Christoph and Pinz, Axel and Zisserman, Andrew},
  booktitle={Proceedings of the IEEE conference on computer vision and pattern recognition},
  pages={1933--1941},
  year={2016}
}
@inproceedings{feichtenhofer2017spatiotemporal,
  title={Spatiotemporal multiplier networks for video action recognition},
  author={Feichtenhofer, Christoph and Pinz, Axel and Wildes, Richard P},
  booktitle={Proceedings of the IEEE conference on computer vision and pattern recognition},
  pages={4768--4777},
  year={2017}
}
@inproceedings{simonyan2014two,
  title={Two-stream convolutional networks for action recognition in videos},
  author={Simonyan, Karen and Zisserman, Andrew},
  booktitle={Advances in neural information processing systems},
  pages={568--576},
  year={2014}
}
@article{miech2017learnable,
  title={Learnable pooling with context gating for video classification},
  author={Miech, Antoine and Laptev, Ivan and Sivic, Josef},
  journal={arXiv preprint arXiv:1706.06905},
  year={2017}
}
@inproceedings{wang2016temporal,
  title={Temporal segment networks: Towards good practices for deep action recognition},
  author={Wang, Limin and Xiong, Yuanjun and Wang, Zhe and Qiao, Yu and Lin, Dahua and Tang, Xiaoou and Van Gool, Luc},
  booktitle={European conference on computer vision},
  pages={20--36},
  year={2016},
  organization={Springer}
}
@inproceedings{carreira2017quo,
  title={Quo vadis, action recognition? a new model and the kinetics dataset},
  author={Carreira, Joao and Zisserman, Andrew},
  booktitle={proceedings of the IEEE Conference on Computer Vision and Pattern Recognition},
  pages={6299--6308},
  year={2017}
}
@inproceedings{girdhar2017actionvlad,
  title={Actionvlad: Learning spatio-temporal aggregation for action classification},
  author={Girdhar, Rohit and Ramanan, Deva and Gupta, Abhinav and Sivic, Josef and Russell, Bryan},
  booktitle={Proceedings of the IEEE Conference on Computer Vision and Pattern Recognition},
  pages={971--980},
  year={2017}
}
@article{varol2017long,
  title={Long-term temporal convolutions for action recognition},
  author={Varol, G{\"u}l and Laptev, Ivan and Schmid, Cordelia},
  journal={IEEE transactions on pattern analysis and machine intelligence},
  volume={40},
  number={6},
  pages={1510--1517},
  year={2017},
  publisher={IEEE}
}
@inproceedings{wang2018videos,
  title={Videos as space-time region graphs},
  author={Wang, Xiaolong and Gupta, Abhinav},
  booktitle={Proceedings of the European Conference on Computer Vision (ECCV)},
  pages={399--417},
  year={2018}
}

@article{liu2019use,
  title={Use What You Have: Video Retrieval Using Representations From Collaborative Experts},
  author={Liu, Yang and Albanie, Samuel and Nagrani, Arsha and Zisserman, Andrew},
  journal={arXiv preprint arXiv:1907.13487},
  year={2019}
}

@inproceedings{venugopalan2015sequence,
  title={Sequence to sequence-video to text},
  author={Venugopalan, Subhashini and Rohrbach, Marcus and Donahue, Jeffrey and Mooney, Raymond and Darrell, Trevor and Saenko, Kate},
  booktitle={Proceedings of the IEEE international conference on computer vision},
  pages={4534--4542},
  year={2015}
}

@article{venugopalan2014translating,
  title={Translating videos to natural language using deep recurrent neural networks},
  author={Venugopalan, Subhashini and Xu, Huijuan and Donahue, Jeff and Rohrbach, Marcus and Mooney, Raymond and Saenko, Kate},
  journal={arXiv preprint arXiv:1412.4729},
  year={2014}
}

@inproceedings{zhang2018cross,
  title={Cross-Modal and Hierarchical Modeling of Video and Text},
  author={Zhang, Bowen and Hu, Hexiang and Sha, Fei},
  booktitle={Proceedings of the European Conference on Computer Vision (ECCV)},
  pages={374--390},
  year={2018}
}

@inproceedings{krishna2017dense,
  title={Dense-captioning events in videos},
  author={Krishna, Ranjay and Hata, Kenji and Ren, Frederic and Fei-Fei, Li and Carlos Niebles, Juan},
  booktitle={Proceedings of the IEEE International Conference on Computer Vision},
  pages={706--715},
  year={2017}
}

@inproceedings{anne2017localizing,
  title={Localizing moments in video with natural language},
  author={Anne Hendricks, Lisa and Wang, Oliver and Shechtman, Eli and Sivic, Josef and Darrell, Trevor and Russell, Bryan},
  booktitle={Proceedings of the IEEE International Conference on Computer Vision},
  pages={5803--5812},
  year={2017}
}

@inproceedings{mithun2018learning,
  title={Learning joint embedding with multimodal cues for cross-modal video-text retrieval},
  author={Mithun, Niluthpol Chowdhury and Li, Juncheng and Metze, Florian and Roy-Chowdhury, Amit K},
  booktitle={Proceedings of the 2018 ACM on International Conference on Multimedia Retrieval},
  pages={19--27},
  year={2018},
  organization={ACM}
}


@article{dong2018predicting,
  title={Predicting visual features from text for image and video caption retrieval},
  author={Dong, Jianfeng and Li, Xirong and Snoek, Cees GM},
  journal={IEEE Transactions on Multimedia},
  volume={20},
  number={12},
  pages={3377--3388},
  year={2018},
  publisher={IEEE}
}

@article{dong2018dual,
  title={Dual dense encoding for zero-example video retrieval},
  author={Dong, Jianfeng and Li, Xirong and Xu, Chaoxi and Ji, Shouling and Wang, Xun},
  journal={Proceedings of the IEEE Conference on Computer Vision and Pattern Recognition},
  year={2019}
}

@article{miech2018learning,
  title={Learning a text-video embedding from incomplete and heterogeneous data},
  author={Miech, Antoine and Laptev, Ivan and Sivic, Josef},
  journal={arXiv preprint arXiv:1804.02516},
  year={2018}
}

@inproceedings{yu2018joint,
  title={A Joint Sequence Fusion Model for Video Question Answering and Retrieval},
  author={Yu, Youngjae and Kim, Jongseok and Kim, Gunhee},
  booktitle={Proceedings of the European Conference on Computer Vision (ECCV)},
  pages={471--487},
  year={2018}
}

@inproceedings{xu2016msr,
  title={Msr-vtt: A large video description dataset for bridging video and language},
  author={Xu, Jun and Mei, Tao and Yao, Ting and Rui, Yong},
  booktitle={Proceedings of the IEEE Conference on Computer Vision and Pattern Recognition},
  pages={5288--5296},
  year={2016}
}

@article{yu2016video,
  title={Video captioning and retrieval models with semantic attention},
  author={Yu, Youngjae and Ko, Hyungjin and Choi, Jongwook and Kim, Gunhee},
  journal={arXiv preprint arXiv:1610.02947},
  volume={6},
  number={7},
  year={2016}
}

@inproceedings{klein2015associating,
  title={Associating neural word embeddings with deep image representations using fisher vectors},
  author={Klein, Benjamin and Lev, Guy and Sadeh, Gil and Wolf, Lior},
  booktitle={Proceedings of the IEEE Conference on Computer Vision and Pattern Recognition},
  pages={4437--4446},
  year={2015}
}

@inproceedings{xu2015jointly,
  title={Jointly modeling deep video and compositional text to bridge vision and language in a unified framework},
  author={Xu, Ran and Xiong, Caiming and Chen, Wei and Corso, Jason J},
  booktitle={Twenty-Ninth AAAI Conference on Artificial Intelligence},
  year={2015}
}

@inproceedings{chen2011collecting,
  title={Collecting highly parallel data for paraphrase evaluation},
  author={Chen, David L and Dolan, William B},
  booktitle={Proceedings of the 49th Annual Meeting of the Association for Computational Linguistics: Human Language Technologies-Volume 1},
  pages={190--200},
  year={2011},
  organization={Association for Computational Linguistics}
}
@inproceedings{long2017deep,
  title={Deep transfer learning with joint adaptation networks},
  author={Long, Mingsheng and Zhu, Han and Wang, Jianmin and Jordan, Michael I},
  booktitle={Proceedings of the 34th International Conference on Machine Learning-Volume 70},
  pages={2208--2217},
  year={2017},
  organization={JMLR. org}
}
@inproceedings{rohrbach2015dataset,
  title={A dataset for movie description},
  author={Rohrbach, Anna and Rohrbach, Marcus and Tandon, Niket and Schiele, Bernt},
  booktitle={Proceedings of the IEEE conference on computer vision and pattern recognition},
  pages={3202--3212},
  year={2015}
}
@inproceedings{song2013robust,
  title={Robust low rank kernel embeddings of multivariate distributions},
  author={Song, Le and Dai, Bo},
  booktitle={Advances in Neural Information Processing Systems},
  pages={3228--3236},
  year={2013}
}
@article{monfortmoments,
  title={Moments in Time Dataset: one million videos for event understanding},
  author={Monfort, Mathew and Andonian, Alex and Zhou, Bolei and Ramakrishnan, Kandan and Bargal, Sarah Adel and Yan, Tom and Brown, Lisa and Fan, Quanfu and Gutfruend, Dan and Vondrick, Carl and others},
  journal={IEEE Transactions on Pattern Analysis and Machine Intelligence},
  year={2019},
  issn={0162-8828},
  pages={1--8},
  numpages={8},
  doi={10.1109/TPAMI.2019.2901464},
}

@article{green2010multisensory,
  title={Multisensory integration: resolving sensory ambiguities to build novel representations},
  author={Green, Andrea M and Angelaki, Dora E},
  journal={Current opinion in neurobiology},
  volume={20},
  number={3},
  pages={353--360},
  year={2010},
  publisher={Elsevier}
}

@inproceedings{santoro2017simple,
  title={A simple neural network module for relational reasoning},
  author={Santoro, Adam and Raposo, David and Barrett, David G and Malinowski, Mateusz and Pascanu, Razvan and Battaglia, Peter and Lillicrap, Timothy},
  booktitle={Advances in neural information processing systems},
  pages={4967--4976},
  year={2017}
}

@article{bahdanau2014neural,
  title={Neural machine translation by jointly learning to align and translate},
  author={Bahdanau, Dzmitry and Cho, Kyunghyun and Bengio, Yoshua},
  journal={arXiv preprint arXiv:1409.0473},
  year={2014}
}

@article{hu2019squeeze,
  title={Squeeze-and-Excitation Networks.},
  author={Hu, J and Shen, L and Albanie, S and Sun, G and Wu, E},
  journal={IEEE transactions on pattern analysis and machine intelligence},
  year={2019}
}

@inproceedings{dauphin2017language,
  title={Language modeling with gated convolutional networks},
  author={Dauphin, Yann N and Fan, Angela and Auli, Michael and Grangier, David},
  booktitle={Proceedings of the 34th International Conference on Machine Learning-Volume 70},
  pages={933--941},
  year={2017},
  organization={JMLR. org}
}

@inproceedings{deng2009imagenet,
  title={Imagenet: A large-scale hierarchical image database},
  author={Deng, Jia and Dong, Wei and Socher, Richard and Li, Li-Jia and Li, Kai and Fei-Fei, Li},
  booktitle={2009 IEEE conference on computer vision and pattern recognition},
  pages={248--255},
  year={2009},
  organization={Ieee}
}

@article{zhou2017places,
  title={Places: A 10 million image database for scene recognition},
  author={Zhou, Bolei and Lapedriza, Agata and Khosla, Aditya and Oliva, Aude and Torralba, Antonio},
  journal={IEEE transactions on pattern analysis and machine intelligence},
  volume={40},
  number={6},
  pages={1452--1464},
  year={2017},
  publisher={IEEE}
}

@article{kay2017kinetics,
  title={The kinetics human action video dataset},
  author={Kay, Will and Carreira, Joao and Simonyan, Karen and Zhang, Brian and Hillier, Chloe and Vijayanarasimhan, Sudheendra and Viola, Fabio and Green, Tim and Back, Trevor and Natsev, Paul and others},
  journal={arXiv preprint arXiv:1705.06950},
  year={2017}
}